<record><leader>00000cas a2200000 a 4500</leader><controlfield tag="001">12328617</controlfield><controlfield tag="008">850731d18441844nyuwr ne      0    0eng d</controlfield><datafield ind1=" " ind2=" " tag="010"><subfield code="a">sn 85026667 </subfield></datafield><datafield ind1=" " ind2=" " tag="040"><subfield code="a">NPX</subfield><subfield code="b">eng</subfield><subfield code="c">NPX</subfield><subfield code="d">NPA</subfield><subfield code="d">DLC</subfield><subfield code="d">KNP</subfield><subfield code="d">OCL</subfield><subfield code="d">OCLCG</subfield><subfield code="d">OCLCQ</subfield><subfield code="d">OCLCF</subfield><subfield code="d">OCLCO</subfield></datafield><datafield ind1=" " ind2=" " tag="042"><subfield code="a">msc</subfield></datafield><datafield ind1=" " ind2=" " tag="043"><subfield code="a">n-us-ny</subfield></datafield><datafield ind1="0" ind2="4" tag="245"><subfield code="a">The Sober second thought, for the presidential campaign of 1844.</subfield></datafield><datafield ind1=" " ind2=" " tag="260"><subfield code="a">New York [N.Y.] :</subfield><subfield code="b">Daniel E. Sickles,</subfield><subfield code="c">1844-</subfield></datafield><datafield ind1=" " ind2=" " tag="300"><subfield code="a">v. ;</subfield><subfield code="c">52 cm.</subfield></datafield><datafield ind1=" " ind2=" " tag="310"><subfield code="a">Weekly</subfield></datafield><datafield ind1="1" ind2=" " tag="362"><subfield code="a">Began with June 8, 1844 issue; ceased in Nov. 1844.</subfield><subfield code="z">Cf. Fox, L.H. New York City newspapers.</subfield></datafield><datafield ind1=" " ind2=" " tag="500"><subfield code="a">Democratic Republican campaign paper supporting James K. Polk for president.</subfield></datafield><datafield ind1=" " ind2=" " tag="500"><subfield code="a">Editor: Daniel E. Sickles.</subfield></datafield><datafield ind1=" " ind2=" " tag="515"><subfield code="a">Vol. 1, no. 1 preceded by a prospectus, May 18, 1844.</subfield></datafield><datafield ind1=" " ind2=" " tag="588"><subfield code="a">Description based on: Vol. 1, no. 10 (Aug. 10, 1844).</subfield></datafield><datafield ind1="1" ind2="0" tag="600"><subfield code="a">Polk, James K.</subfield><subfield code="q">(James Knox),</subfield><subfield code="d">1795-1849.</subfield></datafield><datafield ind1=" " ind2="0" tag="651"><subfield code="a">New York (N.Y.)</subfield><subfield code="v">Newspapers.</subfield></datafield><datafield ind1=" " ind2="7" tag="655"><subfield code="a">Newspapers.</subfield><subfield code="2">fast</subfield><subfield code="0">(OCoLC)fst01423814</subfield></datafield><datafield ind1="1" ind2="7" tag="600"><subfield code="a">Polk, James K.</subfield><subfield code="q">(James Knox),</subfield><subfield code="d">1795-1849.</subfield><subfield code="2">fast</subfield><subfield code="0">(OCoLC)fst00063709</subfield></datafield><datafield ind1=" " ind2="7" tag="651"><subfield code="a">New York (State)</subfield><subfield code="z">New York.</subfield><subfield code="2">fast</subfield><subfield code="0">(OCoLC)fst01204333</subfield></datafield><datafield ind1="2" ind2=" " tag="710"><subfield code="a">Republican Party (N.Y. : 1792-1828)</subfield></datafield><datafield ind1=" " ind2=" " tag="752"><subfield code="a">United States</subfield><subfield code="b">New York</subfield><subfield code="c">New York</subfield><subfield code="d">New York.</subfield></datafield></record>